<record><leader>00000cas a2200000 a 4500</leader><controlfield tag="001">17857509</controlfield><controlfield tag="008">880427d190319uunyuwr ne      0    0swe c</controlfield><datafield ind1=" " ind2=" " tag="010"><subfield code="a">sn 88086169 </subfield></datafield><datafield ind1=" " ind2=" " tag="040"><subfield code="a">NPV</subfield><subfield code="b">eng</subfield><subfield code="c">NPV</subfield><subfield code="d">NYS</subfield><subfield code="d">OCLCQ</subfield><subfield code="d">NVF</subfield><subfield code="d">OCLCQ</subfield><subfield code="d">OCLCF</subfield><subfield code="d">WIH</subfield><subfield code="d">OCLCQ</subfield><subfield code="d">OCLCA</subfield></datafield><datafield ind1="0" ind2=" " tag="041"><subfield code="a">swe</subfield><subfield code="a">eng</subfield></datafield><datafield ind1=" " ind2=" " tag="042"><subfield code="a">pcc</subfield></datafield><datafield ind1=" " ind2=" " tag="043"><subfield code="a">n-us-ny</subfield><subfield code="a">n-us-pa</subfield><subfield code="a">n-us-oh</subfield><subfield code="a">n-us---</subfield></datafield><datafield ind1="0" ind2=" " tag="130"><subfield code="a">Skandia (Jamestown, N.Y.)</subfield></datafield><datafield ind1="1" ind2="0" tag="245"><subfield code="a">Skandia.</subfield></datafield><datafield ind1=" " ind2=" " tag="260"><subfield code="a">Jamestown, N.Y. :</subfield><subfield code="b">Liberty Print. Co.</subfield></datafield><datafield ind1=" " ind2=" " tag="300"><subfield code="a">volumes</subfield></datafield><datafield ind1=" " ind2=" " tag="310"><subfield code="a">Weekly</subfield></datafield><datafield ind1=" " ind2=" " tag="336"><subfield code="a">text</subfield><subfield code="b">txt</subfield><subfield code="2">rdacontent</subfield></datafield><datafield ind1=" " ind2=" " tag="337"><subfield code="a">unmediated</subfield><subfield code="b">n</subfield><subfield code="2">rdamedia</subfield></datafield><datafield ind1=" " ind2=" " tag="338"><subfield code="a">volume</subfield><subfield code="b">nc</subfield><subfield code="2">rdacarrier</subfield></datafield><datafield ind1=" " ind2=" " tag="500"><subfield code="a">"For the Swedish speaking population of New York, Pennsylvania and Ohio."</subfield></datafield><datafield ind1=" " ind2=" " tag="588"><subfield code="a">Description based on: Attonde A&#778;rga&#778;ngen (25 nov. 1909) = lo&#776;pande no. 96.</subfield></datafield><datafield ind1=" " ind2="0" tag="650"><subfield code="a">Swedes</subfield><subfield code="z">New York (State)</subfield><subfield code="v">Newspapers.</subfield></datafield><datafield ind1=" " ind2="0" tag="650"><subfield code="a">Swedes</subfield><subfield code="z">Pennsylvania</subfield><subfield code="v">Newspapers.</subfield></datafield><datafield ind1=" " ind2="0" tag="650"><subfield code="a">Swedes</subfield><subfield code="z">Ohio</subfield><subfield code="v">Newspapers.</subfield></datafield><datafield ind1=" " ind2="0" tag="650"><subfield code="a">Swedes</subfield><subfield code="z">United States</subfield><subfield code="v">Newspapers.</subfield></datafield><datafield ind1=" " ind2="0" tag="651"><subfield code="a">Jamestown (N.Y.)</subfield><subfield code="v">Newspapers.</subfield></datafield><datafield ind1=" " ind2="7" tag="650"><subfield code="a">Swedes.</subfield><subfield code="2">fast</subfield><subfield code="0">(OCoLC)fst01139996</subfield></datafield><datafield ind1=" " ind2="7" tag="651"><subfield code="a">New York (State)</subfield><subfield code="2">fast</subfield><subfield code="0">(OCoLC)fst01210280</subfield></datafield><datafield ind1=" " ind2="7" tag="651"><subfield code="a">New York (State)</subfield><subfield code="z">Jamestown.</subfield><subfield code="2">fast</subfield><subfield code="0">(OCoLC)fst01208958</subfield></datafield><datafield ind1=" " ind2="7" tag="651"><subfield code="a">Ohio.</subfield><subfield code="2">fast</subfield><subfield code="0">(OCoLC)fst01205075</subfield></datafield><datafield ind1=" " ind2="7" tag="651"><subfield code="a">Pennsylvania.</subfield><subfield code="2">fast</subfield><subfield code="0">(OCoLC)fst01204598</subfield></datafield><datafield ind1=" " ind2="7" tag="651"><subfield code="a">United States.</subfield><subfield code="2">fast</subfield><subfield code="0">(OCoLC)fst01204155</subfield></datafield><datafield ind1=" " ind2="7" tag="655"><subfield code="a">Newspapers.</subfield><subfield code="2">fast</subfield><subfield code="0">(OCoLC)fst01423814</subfield></datafield><datafield ind1=" " ind2=" " tag="752"><subfield code="a">United States</subfield><subfield code="b">New York</subfield><subfield code="c">Chautauqua</subfield><subfield code="d">Jamestown.</subfield></datafield><datafield ind1="1" ind2=" " tag="029"><subfield code="a">AU@</subfield><subfield code="b">000020506252</subfield></datafield></record>